@ARTICLE{PCM, 
author={Krishnapuram, R. and Keller, J.M.}, 
journal={Fuzzy Systems, IEEE Transactions on}, 
title={A possibilistic approach to clustering}, 
year={1993}, 
month={May}, 
volume={1}, 
number={2}, 
pages={98-110}, 
ISSN={1063-6706},}

@article{NIITEK,
  author = {K. J. Hintz},
    title = {SNR improvements in NIITEK ground penetrating radar},
   journal ={ in Proceedings of the SPIE Conference on Detection and Remediation Technologies for Mines and Minelike Targets IX, Orlando, FL, USA, April},
  year ={2004}
}

@ARTICLE{FriguiShell, 
author={Krishnapuram, R. and Frigui, H. and Nasraoui, O.}, 
journal={Fuzzy Systems, IEEE Transactions on}, 
title={Fuzzy and possibilistic shell clustering algorithms and their application to boundary detection and surface approximation. I}, 
year={1995}, 
month={Feb}, 
volume={3}, 
number={1}, 
pages={29-43}, 
keywords={computational complexity;curve fitting;edge detection;fuzzy set theory;pattern recognition;boundary detection;computational complexity;curve fitting;feature space;fuzzy clustering;generalizations;objective function;polynomial functions;possibilistic shell clustering;surface approximation;surface fitting;Clustering algorithms;Clustering methods;Computer vision;Curve fitting;Fuzzy systems;Iterative algorithms;Prototypes;Scattering;Shape;Surface fitting}, 
doi={10.1109/91.366564}, 
ISSN={1063-6706},}

@article{kruse2007fundamentals,
  title={Fundamentals of fuzzy clustering},
  author={Kruse, Rudolf and D{\"o}ring, Christian and Lesot, Marie-Jeanne},
  journal={Advances in fuzzy clustering and its applications},
  pages={3--30},
  year={2007},
  publisher={John Wiley \& Sons: Chichester, UK}
}

@article{EM1977,
     title = {Maximum Likelihood from Incomplete Data via the EM Algorithm},
     author = {Dempster, A. P. and Laird, N. M. and Rubin, D. B.},
     journal = {Journal of the Royal Statistical Society. Series B (Methodological)},
     volume = {39},
     number = {1},
     pages = {pp. 1-38},
     ISSN = {00359246},
     year = {1977},
     publisher = {Wiley for the Royal Statistical Society},
     copyright = {Copyright Â© 1977 Royal Statistical Society},
    }

@inproceedings{macqueen1967kmeans,
address = "Berkeley, Calif.",
author = "MacQueen, J.",
booktitle = "Proceedings of the Fifth Berkeley Symposium on Mathematical Statistics and Probability, Volume 1: Statistics",
pages = "281--297",
publisher = "University of California Press",
title = "Some methods for classification and analysis of multivariate observations",
year = "1967"
}

@inproceedings{Zhou2009IIDSamples,
 author = {Zhou, Zhi-Hua and Sun, Yu-Yin and Li, Yu-Feng},
 title = {Multi-instance Learning by Treating Instances As non-I.I.D. Samples},
 booktitle = {Proceedings of the 26th Annual International Conference on Machine Learning},
 series = {ICML '09},
 year = {2009},
 isbn = {978-1-60558-516-1},
 location = {Montreal, Quebec, Canada},
 pages = {1249--1256},
 numpages = {8},
 publisher = {ACM},
 address = {New York, NY, USA},
} 


@proceeding{fowapaperufl,
author = {Gader, Paul D. and Grandhi, Roopnath and Lee, Wen-Hsiung and Wilson, Joseph N. and Ho, Dominic K. C.},
title = {Feature analysis for the NIITEK ground-penetrating radar using order-weighted averaging operators for landmine detection},
journal = {Proc. SPIE},
volume = {5415},
number = {},
pages = {953-962},
year = {2004},
}

@article{chen2012empirical,
  title={An empirical study on multi-instance learning},
  author={Chen, Sisi and Jiang, Liangxiao},
  journal={Adv Inf Sci Serv Sci},
  volume={4},
  number={6},
  pages={193--202},
  year={2012}
}

@inproceedings{auer1997MIlearning,
  title={On learning from multi-instance examples: Empirical evaluation of a theoretical approach},
  author={Auer, Peter},
  booktitle={ICML},
  volume={97},
  pages={21--29},
  year={1997}
}


@Article{amor13,
  Title                    = {Multiple Instance Classification: Review, Taxonomy, and Comparative Study},
  Author                   = {Jaume Amores},
  Journal                  = {Artificial Intelligence},
  Year                     = {2013},
  Pages                    = {81-105},
  Volume                   = {201}
}

@Article{bolt11,
  Title                    = {Random Set Framework For Multiple Instance Learning},
  Author                   = {Jeremy Bolton and Paul Gader and Hichem Frigui and Pete Torrione},
  Journal                  = {Information Sciences},
  Year                     = {2011},
  Number                   = {11},
  Pages                    = {2061-2070},
  Volume                   = {181}
}

@Article{wonparkpark2002,
  Title                    = {Efficient Use of MPEG-7 Edge Histogram Descriptor},
  Author                   = {Chee Sun Won and Dong Kwon Park and Soo-Jun Park},
  Journal                  = {ETRI Journal},
  Year                     = {2002},
  Number                   = {1},
  Pages                    = {23-30},
  Volume                   = {24}
}

@Article{chen04_ddsvm,
    Author = {Yixin Chen and James Z Wang and Donald Geman},
    Title = {Image Categorization by Learning and Reasoning with Regions},
    Journal = {Journal of Machine Learning Research},
    Year = {2004},
    Volume = {5},
    Pages = {913--939}
}


@Article{chen06_miles,
  Title                    = {MILES: Multiple-Instance Learning via Embedded Instance Selection},
  Author                   = {Yixin Chen and Jinbo Bi and James Z. Wang},
  Journal                  = {IEEE Transactions on Pattern Analysis and Machine Intelligence},
  Year                     = {2006},
  Number                   = {12},
  Pages                    = {1931-1947},
  Volume                   = {28}
}

@Book{chiu13,
  Title                    = {Stochastic Geometry and Its Applications},
  Author                   = {Chiu, et. al},
  Publisher                = {Wiley},
  Year                     = {2013},
  Address                  = {New York}
}

@Article{CorinnaCortes1995,
  Title                    = {Support-Vector Networks},
  Author                   = {Corinna Cortes, Vladimir Vapnik},
  Journal                  = {Machine Learning},
  Year                     = {1995},
  Number                   = {3},
  Pages                    = {273},
  Volume                   = {20},
}

@Article{coverhart1967,
  Title                    = {Nearest Neighbor Pattern Classification},
  Author                   = {Thomas M. Cover and Peter E. Hart},
  Journal                  = {IEEE Transactions on Information Theory},
  Year                     = {1967},
  Number                   = {1},
  Pages                    = {21-27},
  Volume                   = {13},
}

@Article{Dempster1977,
  Title                    = {Maximum likelihood from incomplete data via the EM algorithm},
  Author                   = {Dempster, A. P. and Laird, N. M. and Rubin, D. B.},
  Journal                  = {Journal of the Royal Statistical Society, SeriesB},
  Year                     = {1977},
  Number                   = {1},
  Pages                    = {1-38},
  Volume                   = {39},
}

@Article{diet97,
  Title                    = {Solving the multiple Instance Problem with Axis-Parallel Rectangles},
  Author                   = {T.G. Dietterich and R.H. Lathrop and Tomas Lozano-Perez},
  Journal                  = {Artificial Intelligence},
  Year                     = {1997},
  Pages                    = {31-71},
  Volume                   = {89}
}

@Article{friguipaul2009,
  Title                    = {Detection and Discrimination of Land Mines in Ground-Penetrating Radar Based on Edge Histogram Descriptors},
  Author                   = {Hichem Frigui and Paul},
  Journal                  = {IEEE Transactions on Fu},
  Year                     = {2009},
  Number                   = {9},
  Pages                    = {185-199},
  Volume                   = {17},
}

@Book{crippen1988,
  title={Distance geometry and molecular conformation},
  author={Crippen, Gordon M and Havel, Timothy F},
  volume={74},
  year={1988},
  publisher={Research Studies Press Taunton, England}
}

@Incollection{li2013,
year={2013},
isbn={978-3-642-35727-5},
booktitle={Advances in Multimedia Modeling},
volume={7733},
series={Lecture Notes in Computer Science},
editor={Li, Shipeng and El Saddik, Abdulmotaleb and Wang, Meng and Mei, Tao and Sebe, Nicu and Yan, Shuicheng and Hong, Richang and Gurrin, Cathal},
doi={10.1007/978-3-642-35728-2_19},
title={Multiple Instance Learning for Automatic Image Annotation},
publisher={Springer Berlin Heidelberg},
author={Xia, Zhaoqiang and Peng, Jinye and Feng, Xiaoyi and Fan, Jianping},
pages={194-205}
}

@Incollection{wei2009,
author={He Wei and Wang Yu},
booktitle={Management Science and Engineering, 2009. ICMSE 2009. International Conference on},
title={Text representation and classification based on multi-instance learning},
year={2009},
month={Sept},
pages={34-39},
doi={10.1109/ICMSE.2009.5317537}
}

@Incollection{wohlhart2011,
year={2011},
isbn={978-3-642-23122-3},
booktitle={Pattern Recognition},
volume={6835},
series={Lecture Notes in Computer Science},
editor={Mester, Rudolf and Felsberg, Michael},
doi={10.1007/978-3-642-23123-0_14},
title={Multiple Instance Boosting for Face Recognition in Videos},
publisher={Springer Berlin Heidelberg},
author={Wohlhart, Paul and Kostinger, Martin and Roth, PeterM. and Bischof, Horst},
pages={132-141}
}

@Inproceedings{zhang2001,
    author = {Qi Zhang and Sally A. Goldman},
    title = {EM-DD: An Improved Multiple-Instance Learning Technique},
    booktitle = {In Advances in Neural Information Processing Systems},
    year = {2001},
    pages = {1073--1080},
    publisher = {MIT Press}
}

@Inproceedings{keeler1990,
 author = {Keeler, James D. and Rumelhart, David E. and Leow, Wee-Kheng},
 title = {Integrated Segmentation and Recognition of Hand-printed Numerals},
 booktitle = {Proceedings of the 1990 Conference on Advances in Neural Information Processing Systems 3},
 series = {NIPS-3},
 year = {1990},
 isbn = {1-55860-184-8},
 location = {Denver, Colorado, USA},
 pages = {557--563},
 numpages = {7},
 acmid = {118942},
 publisher = {Morgan Kaufmann Publishers Inc.},
 address = {San Francisco, CA, USA}
} 

@PhdThesis{maronT,
  Title                    = {Learning From Ambiguity},
  Author                   = {Oded Maron},
  School                   = {Massassachusetts Institute of Technology},
  Address                = {MIT},
  Year                     = {1998}
}

@Article{maro98,
  Title                    = {A Framework for Multiple-Instance Learning},
  Author                   = {Oded Maron and Tom\'{a}s Lozano-P\'{e}rez},
  Journal                  = {Advances in Neural Information Processing Systems},
  Year                     = {1998},
  Number                   = {1},
  Pages                    = {570-576},
  Volume                   = {10}
}

@Article{rayk08,
  Title                    = {Bayesian Multiple Instance Learning: Automatic Feature Selection and Inductive Transfer},
  Author                   = {Vikas C. Raykar and Balaji Krishnapuram and Jinbo Bi and Murat Dundar and R. Bharat Rao},
  Journal                  = {International Conference on Machine Learning},
  Year                     = {2008},
  Number                   = {1},
  Pages                    = {808-815},
  Volume                   = {25}
}

@Article{srin93,
  Title                    = {A Generalization of the Noisy-Or Model},
  Author                   = {S. Srinivas},
  Journal                  = {Proceedings of the Ninth Conference on Uncertainty in Artificial Intelligence},
  Year                     = {1993},
  Pages                    = {208-218}
}

@Book{bezdek1981,
 Author = {Bezdek, James C.},
 Title = {Pattern Recognition with Fuzzy Objective Function Algorithms},
 Year = {1981},
 isbn = {0306406713},
 Publisher = {Kluwer Academic Publishers},
 Address = {Norwell, MA, USA}
} 

@article{torrione2006performance,
  title={Performance of an adaptive feature-based processor for a wideband ground penetrating radar system},
  author={Torrione, Peter A and Throckmorton, Chandra S and Collins, Leslie M},
  journal={Aerospace and Electronic Systems, IEEE Transactions on},
  volume={42},
  number={2},
  pages={644--658},
  year={2006},
  publisher={IEEE}
}

@ARTICLE{junloulm2013,
author={Jun Lou and Tian Jin and Fulai Liang and Zhimin Zhou},
journal={Geoscience and Remote Sensing, IEEE Transactions on},
title={A Novel Prescreening Method for Land-Mine Detection in UWB SAR Based on Feature Point Matching},
year={2013},
month={June},
volume={51},
number={6},
pages={3706-3714}
}

@inproceedings{frigui2007context,
  title={Context-dependent fusion for landmine detection with ground-penetrating radar},
  author={Frigui, Hichem and Zhang, Lijun and Gader, Paul and Ho, Dominic},
  booktitle={Defense and Security Symposium},
  pages={655321--655321},
  year={2007},
  organization={International Society for Optics and Photonics}
}

@article{sun2005adaptive,
  title={Adaptive learning approach to landmine detection},
  author={Sun, Yijun and Li, Jian},
  journal={Aerospace and Electronic Systems, IEEE Transactions on},
  volume={41},
  number={3},
  pages={973--985},
  year={2005},
  publisher={IEEE}
}

@ARTICLE{wilsonjn2007hmm,
author={Wilson, J.N. and Gader, P. and Wen-Hsiung Lee and Frigui, H. and Ho, K.C.},
journal={Geoscience and Remote Sensing, IEEE Transactions on},
title={A Large-Scale Systematic Evaluation of Algorithms Using Ground-Penetrating Radar for Landmine Detection and Discrimination},
year={2007},
month={Aug},
volume={45},
number={8},
pages={2560-2572}
}

@article{saber1997region,
  title={Region-based shape matching for automatic image annotation and query-by-example},
  author={Saber, Eli and Tekalp, A Murat},
  journal={Journal of Visual Communication and Image Representation},
  volume={8},
  number={1},
  pages={3--20},
  year={1997}
}

@ARTICLE{chang2003bayesimage,
author={Chang, E. and Kingshy Goh and Sychay, G. and Wu, G.},
journal={Circuits and Systems for Video Technology, IEEE Transactions on},
title={CBSA: content-based soft annotation for multimodal image retrieval using Bayes point machines},
year={2003},
month={Jan},
volume={13},
number={1},
pages={26-38}}

@INPROCEEDINGS{yang2006cvpr,
author={Changbo Yang and Ming Dong and Jing Hua},
booktitle={Computer Vision and Pattern Recognition, 2006 IEEE Computer Society Conference on},
title={Region-based Image Annotation using Asymmetrical Support Vector Machine-based Multiple-Instance Learning},
year={2006},
month={},
volume={2},
pages={2057-2063},
ISSN={1063-6919}}

@inproceedings{zhang2010random,
  title={Random Sampling Image to Class Distance for Photo Annotation.},
  author={Zhang, Deyuan and Liu, Bingquan and Sun, Chengjie and Wang, Xiaolong}
}

@inproceedings{andrews2002support,
  title={Support vector machines for multiple-instance learning},
  author={Andrews, Stuart and Tsochantaridis, Ioannis and Hofmann, Thomas},
  booktitle={Advances in neural information processing systems},
  pages={561--568},
  year={2002}
}

@inproceedings{ray2005supervised,
  title={Supervised versus multiple instance learning: An empirical comparison},
  author={Ray, Soumya and Craven, Mark},
  booktitle={Proceedings of the 22nd international conference on Machine learning},
  pages={697--704},
  year={2005},
  organization={ACM}
}

@book{kaufman2009finding,
  title={Finding groups in data: an introduction to cluster analysis},
  author={Kaufman, Leonard and Rousseeuw, Peter J},
  volume={344},
  year={2009},
  publisher={John Wiley \& Sons}
}

@inproceedings{foulds2010speeding,
  title={Speeding up and boosting diverse density learning},
  author={Foulds, James R and Frank, Eibe},
  booktitle={Discovery Science},
  pages={102--116},
  year={2010},
  organization={Springer}
}

@inproceedings{gartner2002multi-kernel,
  title={Multi-Instance Kernels.},
  author={G{\"a}rtner, Thomas and Flach, Peter A and Kowalczyk, Adam and Smola, Alex J}
}

@INPROCEEDINGS{Wang00lazylearning,
    author = {Jun Wang},
    title = {Solving the multiple-instance problem: A lazy learning approach},
    booktitle = {In Proc. 17th International Conf. on Machine Learning},
    year = {2000},
    pages = {1119--1125},
    publisher = {Morgan Kaufmann}
}

@article{chapelle1999support,
  title={Support vector machines for histogram-based image classification},
  author={Chapelle, Olivier and Haffner, Patrick and Vapnik, Vladimir N},
  journal={Neural Networks, IEEE Transactions on},
  volume={10},
  number={5},
  pages={1055--1064},
  year={1999},
  publisher={IEEE}
}

@article{tipping2001sparse,
  title={Sparse Bayesian learning and the relevance vector machine},
  author={Tipping, Michael E},
  journal={The journal of machine learning research},
  volume={1},
  pages={211--244},
  year={2001},
  publisher={JMLR. org}
}

@book{molc05rs,
   title = "Theory of random sets",
   author = "Molchanov, Ilya S.",
   series = "Probability and its applications",
   publisher = "Springer",
   address = "New York",
   url = "http://opac.inria.fr/record=b1102003",
   isbn = "1-85233-892-X",
   year = 2005
}

@incollection{molc97rs,
year={1997},
booktitle={Random Sets},
volume={97},
series={The IMA Volumes in Mathematics and its Applications},
editor={Goutsias, John and Mahler, RonaldP.S. and Nguyen, HungT.},
title={Statistical Problems for Random Sets},
publisher={Springer New York},
author={Molchanov, Ilya},
pages={27-45},
language={English}
}

@article{rumelhart1985feature,
  title={Feature discovery by competitive learning*},
  author={Rumelhart, David E and Zipser, David},
  journal={Cognitive science},
  volume={9},
  number={1},
  pages={75--112},
  year={1985},
  publisher={Wiley Online Library}
}

@article{zadeh1965fuzzy,
  title={Fuzzy sets},
  author={Zadeh, Lotfi A},
  journal={Information and control},
  volume={8},
  number={3},
  pages={338--353},
  year={1965},
  publisher={Elsevier}
}

@article{lloyd1982least,
  title={Least squares quantization in PCM},
  author={Lloyd, Stuart},
  journal={Information Theory, IEEE Transactions on},
  volume={28},
  number={2},
  pages={129--137},
  year={1982},
  publisher={IEEE}
}

@article{gustafson1979scientific,
  title={Scientific Systems, Inc. 186 Alewife Brook Parlcway Cambridge, Massachusetts 02138},
  author={Gustafson, Donald E and Kessel, William C},
  year={1979}
}

@inproceedings{wu2003fuzzy,
  title={Fuzzy c-means clustering algorithm based on kernel method},
  author={Wu, Zhong-dong and Xie, Wei-xin and Yu, Jian-ping},
  booktitle={Computational Intelligence and Multimedia Applications, 2003. ICCIMA 2003. Proceedings. Fifth International Conference on},
  pages={49--54},
  year={2003},
  organization={IEEE}
}

@incollection{graves2007fuzzy,
  title={Fuzzy c-means, gustafson-kessel fcm, and kernel-based fcm: A comparative study},
  author={Graves, Daniel and Pedrycz, Witold},
  booktitle={Analysis and Design of Intelligent Systems using Soft Computing Techniques},
  pages={140--149},
  year={2007},
  publisher={Springer}
}

@book{tryon1939cluster,
  title={Cluster analysis: correlation profile and orthometric (factor) analysis for the isolation of unities in mind and personality},
  author={Tryon, Robert Choate},
  year={1939},
  publisher={Edwards brother, Incorporated, lithoprinters and publishers}
}

@book{driver1932quantitative,
  title={Quantitative expression of cultural relationships},
  author={Driver, Harold Edson and Kroeber, Alfred Louis},
  year={1932},
  publisher={University of California Press}
}

@book{bishop2006pattern,
  title={Pattern recognition and machine learning},
  author={Bishop, Christopher M and others},
  volume={4},
  number={4},
  publisher={springer New York}
}

@inproceedings{Torrione2003Pre,
  author = {Torrione, P. A. and Throckmorton, C. S. and Collins, L. M. and Clodfelter, F. and Frasier, S. and Starnes, I},
  title = {Application of the LMS algorithm to anomaly detection using the Wichmann/NIITEK ground-penetrating radar},
  booktitle = {Proceedings of the SPIE: Detection and Remediation Technologies for Mines and Minelike Targets VIII},
  year = {2003},
  volume = {5089},
  pages = {1127-1136}
}

@inproceedings{zhan06,
  title={Multiple instance boosting for object detection},
  author={Zhang, Cha and Platt, John C and Viola, Paul A},
  booktitle={Advances in neural information processing systems},
  pages={1417-1424},
  year={2006}
}

@inproceedings{yoav96,
  title={Experiments with a new boosting algorithm},
  author={Freund, Yoav and Schapire, Robert E and others},
  year={1996},
  organization={Citeseer}
}

@article{chap14,
  title={Multiple instance learning with bag dissimilarities},
  author={Cheplygina, Veronika and Tax, David MJ and Loog, Marco},
  journal={Pattern Recognition},
  volume={48},
  number={1},
  pages={264--275},
  year={2015},
  publisher={Elsevier}
}

@inproceedings{kand14,
  title={Instance Label Prediction by Dirichlet Process Multiple Instance Learning.},
  author={Kandemir, Melih and Hamprecht, Fred A}
}

@article{mcil14,
  title={Weakly supervised histopathology cancer image segmentation and classification},
  author={Xu, Yan and Zhu, Jun-Yan and Eric, I and Chang, Chao and Lai, Maode and Tu, Zhuowen},
  journal={Medical image analysis},
  volume={18},
  number={3},
  pages={591--604},
  year={2014},
  publisher={Elsevier}
}

@inproceedings{ijca09,
  title={M 3 IC: maximum margin multiple instance clustering},
  author={Zhang, Dan and Wang, Fei and Si, Luo and Li, Tao},
  booktitle={Twenty-First International Joint Conference on Artificial Intelligence},
  year={2009}
}

@article{trabelsi2019robust,
  title={Robust fuzzy clustering for multiple instance regression},
  author={Trabelsi, Mohamed and Frigui, Hichem},
  journal={Pattern Recognition},
  year={2019},
  publisher={Elsevier}
}

@inproceedings{ismail2010possibilistic,
  title={Possibilistic clustering based on robust modeling of finite generalized Dirichlet mixture},
  author={Ismail, M Maher Ben and Frigui, Hichem},
  booktitle={2010 20th International Conference on Pattern Recognition},
  pages={573--576},
  year={2010},
  organization={IEEE}
}

@book{silverman2018density,
  title={Density estimation for statistics and data analysis},
  author={Silverman, Bernard W},
  year={2018},
  publisher={Routledge}
}

@article{song2015bag,
  title={Bag Reference Vector for Multi-instance Learning},
  author={Song, Hanqiang and Zhu, Zhuotun and Wang, Xinggang},
  journal={arXiv preprint arXiv:1512.00994},
  year={2015}
}

@article{morton2014open,
  title={An Open Source Pattern Recognition Toolbox for MATLAB},
  author={Morton Jr, Kenneth D and Torrione, Peter and Collins, Leslie and Keene, Sam},
  journal={arXiv preprint arXiv:1406.5565},
  year={2014}
}

@inproceedings{karem2010comparison,
  title={Comparison of different classification algorithms for landmine detection using GPR},
  author={Karem, Andrew and Fadeev, Aleksey and Frigui, Hichem and Gader, Paul},
  booktitle={Detection and Sensing of Mines, Explosive Objects, and Obscured Targets XV},
  volume={7664},
  pages={76642K},
  year={2010},
  organization={International Society for Optics and Photonics}
}

@inproceedings{kohonen1997exploration,
  title={Exploration of very large databases by self-organizing maps},
  author={Kohonen, Teuvo},
  booktitle={Proceedings of International Conference on Neural Networks (ICNN'97)},
  volume={1},
  pages={PL1--PL6},
  year={1997},
  organization={IEEE}
}

@inproceedings{ratto2010context,
  title={Context-dependent landmine detection with ground-penetrating radar using a hidden Markov context model},
  author={Ratto, Christopher and Torrione, Peter and Morton, Kenneth and Collins, Leslie},
  booktitle={2010 IEEE International Geoscience and Remote Sensing Symposium},
  pages={4192--4195},
  year={2010},
  organization={IEEE}
}

@inproceedings{ho2004improving,
  title={Improving landmine detection using frequency domain features from ground penetrating radar},
  author={Ho, KC and Gader, Paul D and Wilson, Joseph N},
  booktitle={IGARSS 2004. 2004 IEEE International Geoscience and Remote Sensing Symposium},
  volume={3},
  pages={1617--1620},
  year={2004},
  organization={IEEE}
}

@article{rand1971objective,
  title={Objective criteria for the evaluation of clustering methods},
  author={Rand, William M},
  journal={Journal of the American Statistical association},
  volume={66},
  number={336},
  pages={846--850},
  year={1971},
  publisher={Taylor \& Francis Group}
}

@article{ilse2018attention,
  title={Attention-based deep multiple instance learning},
  author={Ilse, Maximilian and Tomczak, Jakub M and Welling, Max},
  journal={arXiv preprint arXiv:1802.04712},
  year={2018}
}

@article{carbonneau2018multiple,
  title={Multiple instance learning: A survey of problem characteristics and applications},
  author={Carbonneau, Marc-Andr{\'e} and Cheplygina, Veronika and Granger, Eric and Gagnon, Ghyslain},
  journal={Pattern Recognition},
  volume={77},
  pages={329--353},
  year={2018},
  publisher={Elsevier}
}

@inproceedings{wu2015deep,
  title={Deep multiple instance learning for image classification and auto-annotation},
  author={Wu, Jiajun and Yu, Yinan and Huang, Chang and Yu, Kai},
  booktitle={Proceedings of the IEEE Conference on Computer Vision and Pattern Recognition},
  pages={3460--3469},
  year={2015}
}

@inproceedings{komarek2018multiple,
  title={Multiple Instance Learning with Bag-Level Randomized Trees},
  author={Kom{\'a}rek, Tom{\'a}{\v{s}} and Somol, Petr},
  booktitle={Joint European Conference on Machine Learning and Knowledge Discovery in Databases},
  pages={259--272},
  year={2018},
  organization={Springer}
}

@article{liu2018deep,
  title={Deep multiple instance learning-based spatial--spectral classification for PAN and MS imagery},
  author={Liu, Xu and Jiao, Licheng and Zhao, Jiaqi and Zhao, Jin and Zhang, Dan and Liu, Fang and Yang, Shuyuan and Tang, Xu},
  journal={IEEE Transactions on Geoscience and Remote Sensing},
  volume={56},
  number={1},
  pages={461--473},
  year={2018},
  publisher={IEEE}
}

@article{yousefi2018mass,
  title={Mass detection in digital breast tomosynthesis data using convolutional neural networks and multiple instance learning},
  author={Yousefi, Mina and Krzy{\.z}ak, Adam and Suen, Ching Y},
  journal={Computers in biology and medicine},
  volume={96},
  pages={283--293},
  year={2018},
  publisher={Elsevier}
}

@article{ing2018deep,
  title={A deep multiple instance model to predict prostate cancer metastasis from nuclear morphology},
  author={Ing, Nathan and Tomczak, Jakub M and Miller, Eric and Garraway, Isla P and Welling, Max and Knudsen, Beatrice S and Gertych, Arkadiusz},
  year={2018}
}

//%misc{hodgkins2012,
//%  title = {Cancer Research in the UK, Hodgkin's Lymphoma},
//%  howpublished = {\url{http://www.cancerresearchuk.org/cancer-info/cancerstats/types/hodgkinslymphoma/mortality/uk-hodgkins-lymphoma-mortality-
//%statistics}},
//%  note = {Accessed: 2012-08-15}
//%}

//%online{hodgkins2012,
//%  title = {Cancer Research in the UK, Hodgkin's Lymphoma},
//%  month=dec,
//%  year={2012}
//%  url = {http://www.cancerresearchuk.org/cancer-info/cancerstats/types/hodgkinslymphoma/mortality/uk-hodgkins-lymphoma-mortality-statistics},
//%}
